<record><leader>00000cas a2200000 a 4500</leader><controlfield tag="001">9315145</controlfield><controlfield tag="008">830316d18681973nyuwr ne      0    0ger c</controlfield><datafield ind1=" " ind2=" " tag="010"><subfield code="a">sn 83030125 </subfield></datafield><datafield ind1=" " ind2=" " tag="040"><subfield code="a">NPU</subfield><subfield code="b">eng</subfield><subfield code="c">NPU</subfield><subfield code="d">DLC</subfield><subfield code="d">NPW</subfield><subfield code="d">YOX</subfield><subfield code="d">NSD</subfield><subfield code="d">DLC</subfield><subfield code="d">KRTAS</subfield><subfield code="d">DLC</subfield><subfield code="d">WIH</subfield><subfield code="d">OCLCQ</subfield><subfield code="d">OCLCF</subfield><subfield code="d">OCLCO</subfield></datafield><datafield ind1="1" ind2=" " tag="029"><subfield code="a">AU@</subfield><subfield code="b">000020382306</subfield></datafield><datafield ind1="0" ind2=" " tag="041"><subfield code="a">gerengfreita</subfield></datafield><datafield ind1=" " ind2=" " tag="042"><subfield code="a">pcc</subfield></datafield><datafield ind1=" " ind2=" " tag="043"><subfield code="a">n-us-ny</subfield></datafield><datafield ind1="0" ind2="0" tag="050"><subfield code="a">Newspaper</subfield></datafield><datafield ind1="0" ind2="0" tag="245"><subfield code="a">Amerikanische Schweizer Zeitung.</subfield></datafield><datafield ind1="3" ind2="1" tag="246"><subfield code="a">American Swiss gazette</subfield></datafield><datafield ind1="3" ind2="0" tag="246"><subfield code="a">Schweizer Amerikanische Zeitung</subfield></datafield><datafield ind1="1" ind2="7" tag="246"><subfield code="a">ASZ</subfield><subfield code="f">Apr. 1973-</subfield></datafield><datafield ind1=" " ind2=" " tag="260"><subfield code="a">New York [N.Y.] :</subfield><subfield code="b">John Friederich</subfield></datafield><datafield ind1=" " ind2=" " tag="300"><subfield code="a">v. :</subfield><subfield code="b">ill. ;</subfield><subfield code="c">43-60 cm.</subfield></datafield><datafield ind1=" " ind2=" " tag="310"><subfield code="a">Weekly</subfield></datafield><datafield ind1="1" ind2=" " tag="362"><subfield code="a">Began in 1868.</subfield><subfield code="z">Cf. Arndt, K.J.R. &amp; Olson, M.E. Deutsche Amerikanische Zeitungen und Zeitschriften, 1961.</subfield></datafield><datafield ind1="0" ind2=" " tag="362"><subfield code="a">-v. 106, no. 13 (Nov. 28, 1973).</subfield></datafield><datafield ind1=" " ind2=" " tag="530"><subfield code="a">Also issued on microfilm from the New York Public Library, and the Library of Congress Photoduplication Service.</subfield></datafield><datafield ind1=" " ind2=" " tag="546"><subfield code="a">In German, English, French, and Italian.</subfield></datafield><datafield ind1=" " ind2=" " tag="588"><subfield code="a">Description based on: Vol. 17, no. 1 (27. Dez. 1884).</subfield></datafield><datafield ind1=" " ind2="0" tag="650"><subfield code="a">Swiss</subfield><subfield code="z">United States</subfield><subfield code="v">Newspapers.</subfield></datafield><datafield ind1=" " ind2="0" tag="650"><subfield code="a">Swiss Americans</subfield><subfield code="v">Newspapers.</subfield></datafield><datafield ind1=" " ind2="0" tag="651"><subfield code="a">New York (N.Y.)</subfield><subfield code="v">Newspapers.</subfield></datafield><datafield ind1=" " ind2="7" tag="655"><subfield code="a">Newspapers.</subfield><subfield code="2">fast</subfield><subfield code="0">(OCoLC)fst01423814</subfield></datafield><datafield ind1=" " ind2="7" tag="650"><subfield code="a">Swiss.</subfield><subfield code="2">fast</subfield><subfield code="0">(OCoLC)fst01140558</subfield></datafield><datafield ind1=" " ind2="7" tag="650"><subfield code="a">Swiss Americans.</subfield><subfield code="2">fast</subfield><subfield code="0">(OCoLC)fst01140566</subfield></datafield><datafield ind1=" " ind2="7" tag="651"><subfield code="a">New York (State)</subfield><subfield code="z">New York.</subfield><subfield code="2">fast</subfield><subfield code="0">(OCoLC)fst01204333</subfield></datafield><datafield ind1=" " ind2="7" tag="651"><subfield code="a">United States.</subfield><subfield code="2">fast</subfield><subfield code="0">(OCoLC)fst01204155</subfield></datafield><datafield ind1=" " ind2=" " tag="752"><subfield code="a">United States</subfield><subfield code="b">New York</subfield><subfield code="c">New York</subfield><subfield code="d">New York.</subfield></datafield><datafield ind1="0" ind2="0" tag="785"><subfield code="t">Swiss American review</subfield><subfield code="x">1099-9388</subfield><subfield code="w">(DLC)sn 86071821</subfield><subfield code="w">(OCoLC)14081222</subfield></datafield><datafield ind1=" " ind2=" " tag="938"><subfield code="a">Kirtas Technologies, Inc.</subfield><subfield code="b">KRTS</subfield><subfield code="n">736273</subfield></datafield></record>